@thesis{base_article,
	author = {Бишук А.Ю},
	title = {Применение активного обучения к графовым моделям на примере оценки рисков распространения эпидемии},
	type = {Диплом бакалавра},
	institution = {МФТИ},
	date = {2021},
}
@article{harko2014exact,
	title={Exact analytical solutions of the Susceptible-Infected-Recovered (SIR) epidemic model and of the SIR model with equal death and birth rates},
	author={Harko, Tiberiu and Lobo, Francisco SN and Mak, MK3197716},
	journal={Applied Mathematics and Computation},
	volume={236},
	pages={184--194},
	year={2014},
	publisher={Elsevier}
}
@article{allen1994some,
	title={Some discrete-time SI, SIR, and SIS epidemic models},
	author={Allen, Linda JS},
	journal={Mathematical biosciences},
	volume={124},
	number={1},
	pages={83--105},
	year={1994},
	publisher={Elsevier}
}
@book{capasso2008mathematical,
	title={Mathematical structures of epidemic systems},
	author={Capasso, Vincenzo},
	volume={97},
	year={2008},
	publisher={Springer Science \& Business Media}
}
@article{moreno2002epidemic,
	title={Epidemic outbreaks in complex heterogeneous networks},
	author={Moreno, Yamir and Pastor-Satorras, Romualdo and Vespignani, Alessandro},
	journal={The European Physical Journal B-Condensed Matter and Complex Systems},
	volume={26},
	pages={521--529},
	year={2002},
	publisher={Springer}
}
@article{pastor2015epidemic,
	title={Epidemic processes in complex networks},
	author={Pastor-Satorras, Romualdo and Castellano, Claudio and Van Mieghem, Piet and Vespignani, Alessandro},
	journal={Reviews of modern physics},
	volume={87},
	number={3},
	pages={925},
	year={2015},
	publisher={APS}
}
@article{gomez2010discrete,
	title={Discrete-time Markov chain approach to contact-based disease spreading in complex networks},
	author={G{\'o}mez, Sergio and Arenas, Alexandre and Borge-Holthoefer, Javier and Meloni, Sandro and Moreno, Yamir},
	journal={Europhysics Letters},
	volume={89},
	number={3},
	pages={38009},
	year={2010},
	publisher={IOP Publishing}
}
@article{leitch2019toward,
	title={Toward epidemic thresholds on temporal networks: a review and open questions},
	author={Leitch, Jack and Alexander, Kathleen A and Sengupta, Srijan},
	journal={Applied Network Science},
	volume={4},
	pages={1--21},
	year={2019},
	publisher={Springer}
}
@article{de2013anatomy,
	title={The anatomy of a scientific rumor},
	author={De Domenico, Manlio and Lima, Antonio and Mougel, Paul and Musolesi, Mirco},
	journal={Scientific reports},
	volume={3},
	number={1},
	pages={1--9},
	year={2013},
	publisher={Springer}
}

@reference{seirsplus,
	editor = {https://github.com/ryansmcgee/seirsplus},
	title = {SEIRS+ library},
}
